@article{berkson1952jasa,
  title =        {Survival Curve for Cancer Patients Following Treatment},
  author =       {Berkson, Joseph and Gage, Robert P.},
  journal =      {Journal of the American Statistical Association},
  volume =       47,
  number =       259,
  pages =        {501--515},
  year =         1952,
  publisher =    {Taylor \& Francis}
}

@article{cox1972jrssb,
  title =        {Regression Models and Life-Tables},
  author =       {Cox, David R.},
  journal =      {Journal of the Royal Statistical Society. Series B
                  (Methodological)},
  volume =       34,
  number =       2,
  pages =        {187--220},
  year =         1972,
  publisher =    {JSTOR},
}

@article{dempster1977jrssb,
  title =        {Maximum likelihood from incomplete data via the EM algorithm},
  author =       {Dempster, Arthur P. and Laird, Nan M. and Rubin, Donald B.},
  journal =      {Journal of the Royal Statistical Society. Series B
                  (Methodological)},
  volume =       39,
  number =       1,
  pages =        {1--38},
  year =         1977,
  publisher =    {JSTOR},
}

@article{fan2017smmr,
  title =        {Promoting Structural Effects of Covariates in the Cure Rate
                  Model with Penalization},
  author =       {Fan, Xinyan and Liu, Mengque and Fang, Kuangnan and Huang,
                  Yuan and Ma, Shuangge},
  journal =      {Statistical Methods in Medical Research},
  volume =       26,
  number =       5,
  pages =        {2078--2092},
  year =         2017,
  publisher =    {SAGE Publications Sage UK: London, England},
}

@article{fanLi2001jasa,
  title =        {Variable Selection via Nonconcave Penalized Likelihood and Its
                  Oracle Properties},
  author =       {Fan, Jianqing and Li, Runze},
  journal =      {Journal of the American statistical Association},
  volume =       96,
  number =       456,
  pages =        {1348--1360},
  year =         2001,
  publisher =    {Taylor \& Francis},
}

@article{farewell1982biometrics,
  title =        {The Use of Mixture Models for the Analysis of Survival Data
                  with Long-Term Survivors},
  author =       {Farewell, Vern T.},
  journal =      {Biometrics},
  pages =        {1041--1046},
  year =         1982,
  publisher =    {JSTOR}
}

@article{friedman2007aoas,
  title =        {Pathwise Coordinate Optimization},
  author =       {Friedman, Jerome and Hastie, Trevor and H{\"o}fling, Holger
                  and Tibshirani, Robert},
  journal =      {The Annals of Applied Statistics},
  volume =       1,
  number =       2,
  pages =        {302--332},
  year =         2007,
  publisher =    {Institute of Mathematical Statistics},
}

@manual{intsurv-package,
  title =        {{intsurv}: {I}ntegrative Survival Models},
  author =       {Wenjie Wang},
  year =         2019,
  url =          {https://github.com/wenjie2wang/intsurv},
  note =         {{R} package version 0.2.1},
}

@article{kuk1992biometrika,
  title =        {A Mixture Model Combining Logistic Regression with
                  Proportional Hazards Regression},
  author =       {Kuk, Anthony Y. C. and Chen, Chen-Hsin},
  journal =      {Biometrika},
  volume =       79,
  number =       3,
  pages =        {531--541},
  year =         1992,
  publisher =    {Oxford University Press}
}

@article{masud2018smimr,
  title =        {Variable Selection for Mixture and Promotion Time Cure Rate
                  Models},
  author =       {Masud, Abdullah and Tu, Wanzhu and Yu, Zhangsheng},
  journal =      {Statistical methods in medical research},
  volume =       27,
  number =       7,
  pages =        {2185--2199},
  year =         2018,
  publisher =    {SAGE Publications Sage UK: London, England},
}

@article{scolas2016sim,
  title =        {Variable Selection in A Flexible Parametric Mixture Cure Model
                  with Interval-Censored Data},
  author =       {Scolas, Sylvie and El Ghouch, Anouar and Legrand, Catherine
                  and Oulhaj, Abderrahim},
  journal =      {Statistics in Medicine},
  volume =       35,
  number =       7,
  pages =        {1210--1225},
  year =         2016,
  publisher =    {Wiley Online Library},
}

@article{shi2019smmr,
  title =        {Promoting Sign Consistency in the Cure Model Estimation and
                  Selection},
  author =       {Shi, Xingjie and Ma, Shuangge and Huang, Yuan},
  journal =      {Statistical methods in medical research},
  pages =        {1--14},
  year =         2019,
  publisher =    {SAGE Publications Sage UK: London, England},
}

@article{sy2000biometrics,
  title =        {Estimation in a {C}ox Proportional Hazards Cure Model},
  author =       {Sy, Judy P. and Taylor, Jeremy M. G.},
  journal =      {Biometrics},
  volume =       56,
  number =       1,
  pages =        {227--236},
  year =         2000,
  publisher =    {Wiley Online Library},
}

@article{wei1992sim,
  title =        {The Accelerated Failure Time Model: {A} Useful Alternative to
                  the {C}ox Regression Model in Survival Analysis},
  author =       {Wei, Lee-Jen},
  journal =      {Statistics in Medicine},
  volume =       11,
  number =       {14-15},
  pages =        {1871--1879},
  year =         1992,
  publisher =    {Wiley Online Library}
}

@article{yang2013sii,
  title =        {A Cocktail Algorithm for Solving the Elastic Net Penalized
                  {C}oxâ€™s Regression in High Dimensions},
  author =       {Yang, Yi and Zou, Hui},
  journal =      {Statistics and its Interface},
  volume =       6,
  number =       2,
  pages =        {167--173},
  year =         2013,
  publisher =    {International Press of Boston},
}

@article{zhang2010aos,
  title =        {Nearly Unbiased Variable Selection Under Minimax Concave
                  Penalty},
  author =       {Zhang, Cun-Hui},
  journal =      {The Annals of statistics},
  volume =       38,
  number =       2,
  pages =        {894--942},
  year =         2010,
  publisher =    {Institute of Mathematical Statistics},
}

@article{zou2006jasa,
  title =        {The Adaptive {L}asso and Its Oracle Properties},
  author =       {Zou, Hui},
  journal =      {Journal of the American statistical association},
  volume =       101,
  number =       476,
  pages =        {1418--1429},
  year =         2006,
  publisher =    {Taylor \& Francis},
}

@article{zouHastie2005jrssb,
  title =        {Regularization and Variable Selection via the Elastic Net},
  author =       {Zou, Hui and Hastie, Trevor},
  journal =      {Journal of the Royal Statistical Society: Series B
                  (Statistical Methodology)},
  volume =       67,
  number =       2,
  pages =        {301--320},
  year =         2005,
  publisher =    {Wiley Online Library},
}
